@article{Sobol:2009,
  title={Derivative based global sensitivity measures and their link
 with global sensitivity indices},
  author={Sobol', I.M. and Kucherenko, S.},
  journal={Mathematics and Computers in Simulation},
  volume={79},
  number={10},
  pages={3009--3017},
  year={2009},
  publisher={Elsevier}
}

@article{Morris:1991,
  title={Factorial sampling plans for preliminary computational experiments},
  author={Morris, M.D.},
  journal={Technometrics},
  volume={33},
  number={2},
  pages={161--174},
  year={1991},
  publisher={Taylor \& Francis}
}

@article{Lamboni:2013,
  title={Derivative-based global sensitivity measures: general links with Sobol' 
indices and numerical tests},
  author={Lamboni, M. and Iooss, B. and Popelin, A.L. and Gamboa, F.},
  journal={Mathematics and Computers in Simulation},
  volume={87},
  pages={45--54},
  year={2013},
  publisher={Elsevier}
}

@article{Roustant:2014,
  title={Crossed-derivative based sensitivity measures for interaction screening},
  author={Roustant, O. and Fruth, J. and Iooss, B. and Kuhnt, S.},
  journal={Mathematics and Computers in Simulation},
  volume={105},
  pages={105--118},
  year={2014},
  publisher={Elsevier}
}

@book{Ghanem:2003,
  title={Stochastic finite elements: a spectral approach},
  author={Ghanem, R.G. and Spanos, P.D.},
  year={2003},
  publisher={Courier Corporation}
}

@article{Xiu:2002,
  title={The Wiener--Askey polynomial chaos for stochastic differential equations},
  author={Xiu, D. and Karniadakis, G.E.},
  journal={SIAM journal on scientific computing},
  volume={24},
  number={2},
  pages={619--644},
  year={2002},
  publisher={SIAM}
}

@book{Olivier:2010,
  title={Spectral methods for uncertainty quantification: with applications to computational fluid dynamics},
  author={Le Ma{\^\i}tre, O. and Knio, O.M.},
  year={2010},
  publisher={Springer Science \& Business Media}
}

@article{Efron:2004,
  title={Least angle regression},
  author={Efron, B. and Hastie, T. and Johnstone, I. and Tibshirani, R. and others},
  journal={The Annals of statistics},
  volume={32},
  number={2},
  pages={407--499},
  year={2004},
  publisher={Institute of Mathematical Statistics}
}

@article{Tibshirani:1996,
  title={Regression shrinkage and selection via the lasso},
  author={Tibshirani, R.},
  journal={Journal of the Royal Statistical Society. Series B (Methodological)},
  pages={267--288},
  year={1996},
  publisher={JSTOR}
}

@article{Blatman:2008,
  title={Sparse polynomial chaos expansions and adaptive stochastic finite elements using a regression approach},
  author={Blatman, G. and Sudret, B.},
  journal={Comptes Rendus M{\'e}canique},
  volume={336},
  number={6},
  pages={518--523},
  year={2008},
  publisher={Elsevier}
}

@incollection{Marelli:2014,
  title={UQLab: A framework for uncertainty quantification in Matlab},
  author={Marelli, S. and Sudret, B.},
  booktitle={Vulnerability, Uncertainty, and Risk: Quantification, Mitigation, and Management},
  pages={2554--2563},
  year={2014}
}

@article{Blatman:2010,
  title={An adaptive algorithm to build up sparse polynomial chaos expansions for stochastic finite element analysis},
  author={Blatman, G. and Sudret, B.},
  journal={Probabilistic Engineering Mechanics},
  volume={25},
  number={2},
  pages={183--197},
  year={2010},
  publisher={Elsevier}
}

@phdthesis{Blatman:2009,
  title={Adaptive sparse polynomial chaos expansions for uncertainty propagation and sensitivity analysis},
  author={Blatman, G.},
  year={2009},
  school={Clermont-Ferrand 2}
}

@article{Sobol:2001,
  title={Global sensitivity indices for nonlinear mathematical models and their Monte Carlo estimates},
  author={Sobol', I.M.},
  journal={Mathematics and computers in simulation},
  volume={55},
  number={1},
  pages={271--280},
  year={2001},
  publisher={Elsevier}
}

@incollection{Rasmussen:2004,
  title={Gaussian processes in machine learning},
  author={Rasmussen, C.E.},
  booktitle={Advanced lectures on machine learning},
  pages={63--71},
  year={2004},
  publisher={Springer}
}

@book{Stein:2012,
  title={Interpolation of spatial data: some theory for kriging},
  author={Stein, M.L.},
  year={2012},
  publisher={Springer Science \& Business Media}
}

@article{Gentleman:1972a,
  title={Implementing Clenshaw-Curtis quadrature, I methodology and experience},
  author={Gentleman, W.M.},
  journal={Communications of the ACM},
  volume={15},
  number={5},
  pages={337--342},
  year={1972},
  publisher={ACM}
}

@article{Gentleman:1972b,
  title={Implementing Clenshaw-Curtis quadrature, II computing the cosine transformation},
  author={Gentleman, W.M.},
  journal={Communications of the ACM},
  volume={15},
  number={5},
  pages={343--346},
  year={1972},
  publisher={ACM}
}

@article{Novak:1999,
  title={Simple cubature formulas with high polynomial exactness},
  author={Novak, E. and Ritter, K.},
  journal={Constructive approximation},
  volume={15},
  number={4},
  pages={499--522},
  year={1999},
  publisher={Springer}
}

@article{Waldvogel:2006,
  title={Fast construction of the Fej{\'e}r and Clenshaw--Curtis quadrature rules},
  author={Waldvogel, J.},
  journal={BIT Numerical Mathematics},
  volume={46},
  number={1},
  pages={195--202},
  year={2006},
  publisher={Springer}
}

@inproceedings{Smolyak:1963,
  title={Quadrature and interpolation formulas for tensor products of certain classes of functions},
  author={Smolyak, S.},
  booktitle={Soviet Math. Dokl.},
  volume={4},
  pages={240--243},
  year={1963}
}

@article{Hampton:2015,
  title={Compressive sampling of polynomial chaos expansions: Convergence analysis and sampling strategies},
  author={Hampton, J. and Doostan, A.},
  journal={Journal of Computational Physics},
  volume={280},
  pages={363--386},
  year={2015},
  publisher={Elsevier}
}

@article{Peng:2014,
  title={A weighted l1-minimization approach for sparse polynomial chaos expansions},
  author={Peng, J. and Hampton, J. and Doostan, A.},
  journal={Journal of Computational Physics},
  volume={267},
  pages={92--111},
  year={2014},
  publisher={Elsevier}
}

@article{Blatman:2011,
  title={Adaptive sparse polynomial chaos expansion based on least angle regression},
  author={Blatman, G. and Sudret, B.},
  journal={Journal of Computational Physics},
  volume={230},
  number={6},
  pages={2345--2367},
  year={2011},
  publisher={Elsevier}
}

@article{Sobol:2010,
  title={Derivative based global sensitivity measures},
  author={Sobol, I.M. and Kucherenko, S.},
  journal={Procedia-Social and Behavioral Sciences},
  volume={2},
  number={6},
  pages={7745--7746},
  year={2010},
  publisher={Elsevier}
}

@article{Kucherenko:2009,
  title={Monte Carlo evaluation of derivative-based global sensitivity measures},
  author={Kucherenko, S. and Rodriguez-Fernandez, M. and Pantelides, C. and Shah, N.},
  journal={Reliability Engineering \& System Safety},
  volume={94},
  number={7},
  pages={1135--1148},
  year={2009},
  publisher={Elsevier}
}

@inbook{Kucherenko:2016,
  title={Derivative-based global sensitivity measures},
  author={Kucherenko, S. and Iooss, B.},
  Editor = {Ghanem, Roger and Higdon, David and Owhadi, Houman},
  journal={Handbook of Uncertainty Quantification},
  year={2017},
  publisher={Springer}
}

@article{Bucher:1990,
  title={A fast and efficient response surface approach for structural reliability problems},
  author={Bucher, C.G. and Bourgund, U.},
  journal={Structural safety},
  volume={7},
  number={1},
  pages={57--66},
  year={1990},
  publisher={Elsevier}
}

@incollection{Bucher:1989,
  title={Time variant reliability analysis utilizing response surface approach},
  author={Bucher, C.G. and Chen, Y.M. and Schu{\"e}ller, G.I.},
  booktitle={Reliability and Optimization of Structural Systems? 88},
  pages={1--14},
  year={1989},
  publisher={Springer}
}

@article{Rajashekhar:1993,
  title={A new look at the response surface approach for reliability analysis},
  author={Rajashekhar, M.R. and Ellingwood, B.R.},
  journal={Structural safety},
  volume={12},
  number={3},
  pages={205--220},
  year={1993},
  publisher={Elsevier}
}

@article{Schueremans:2005,
  title={Benefit of splines and neural networks in simulation based structural reliability analysis},
  author={Schueremans, L. and Van Gemert, D.},
  journal={Structural safety},
  volume={27},
  number={3},
  pages={246--261},
  year={2005},
  publisher={Elsevier}
}

@article{Gayton:2003,
  title={CQ2RS: a new statistical approach to the response surface method for reliability analysis},
  author={Gayton, N. and Bourinet, J.M. and Lemaire, M.},
  journal={Structural safety},
  volume={25},
  number={1},
  pages={99--121},
  year={2003},
  publisher={Elsevier}
}

@article{Yetter:1991,
  title={A comprehensive reaction mechanism for carbon monoxide/hydrogen/oxygen kinetics},
  author={Yetter, R.A. and Dryer, F.L. and Rabitz, H.},
  journal={Combustion Science and Technology},
  volume={79},
  number={1-3},
  pages={97--128},
  year={1991},
  publisher={Taylor \& Francis}
}

@article{Safta:2011,
  title={TChem-a software toolkit for the analysis of complex kinetic models},
  author={Safta, C. and Najm, H.N. and Knio, O.M.},
  journal={Sandia Report, SAND2011-3282},
  year={2011}
}


@article{Sobol93,
Author = {I.M. {Sobol'}},
Journal = {Math. Mod. Comp. Exp.},
Pages = {407--414},
Title = {Sensitivity estimates for nonlinear mathematical models},
Volume = {1},
Year = {1993}}

	Author = {J.H. {Friedman}},
	Institution = {Laboratory for Computational Statistics, Department of Statistics, Stanford University},
	Number = {110},
	Title = {Fast {MARS}},
	Year = {1993}}

@book{SaltelliRattoAndresEtAl08,
Author = {A. {Saltelli} and M. {Ratto} and T. {Andres} and F. {Campolongo} and J. {Cariboni} and D. {Gatelli} and M. {Saisana} and S. {Tarantola}},
Publisher = {Wiley},
Title = {Global sensitivity analysis: the primer},
Year = {2008}}




% surrogates for sensitivity

@article{Sudret:2008,
Author = {B. Sudret},
Journal = {Reliability Engineering \& System Safety},
Number = {7},
Pages = {964 - 979},
Title = {Global sensitivity analysis using polynomial chaos expansions},
Volume = {93},
Year = {2008},
}
@article{Crestaux:2009,
Author = {T. Crestaux and O.P. Le Maitre and J.-M. Martinez},
Issn = {0951-8320},
Journal = {Reliability Engineering \& System Safety},
Note = {Special Issue on Sensitivity Analysis},
Number = {7},
Pages = {1161 - 1172},
Title = {Polynomial chaos expansion for sensitivity analysis},
Volume = {94},
Year = {2009}}

@article{BlatmanSudret10,
  title={Efficient computation of global sensitivity indices using sparse polynomial chaos expansions},
  author={Blatman, G. and Sudret, B.},
  journal={Reliability Engineering \& System Safety},
  volume={95},
  number={11},
  pages={1216--1229},
  year={2010},
  publisher={Elsevier}
}

@article{HartAlexanderianGremaud17,
  title={Efficient computation of Sobol' indices for stochastic models},
  author={Hart, J. and Alexanderian, A. and Gremaud, P.},
  journal={SIAM Journal on Scientific Computing},
  volume={to appear},
  year={2017}
}

@inbook{Sargsyan17,
	Author = {Sargsyan, K.},
	Booktitle = {Handbook of Uncertainty Quantification},
	Editor = {Ghanem, Roger and Higdon, David and Owhadi, Houman},
	Publisher = {Springer International Publishing},
	Title = {Surrogate Models for Uncertainty Propagation and Sensitivity Analysis},
	Url = {https://doi.org/10.1007/978-3-319-11259-6_22-1},
	Year = {2017},
}

% applications
@article{AlexanderianWinokurSrajEtAl12,
Author = {Alexanderian, A. and Winokur, J. and Sraj, I. and Srinivasan, A. and Iskandarani, M. and Thacker, W.C. and Knio, O.M.},
Journal = {Computational Geosciences},
Number = {3},
Pages = {757--778},
Publisher = {Springer},
Title = {Global sensitivity analysis in an ocean general circulation model: a sparse spectral projection approach},
Volume = {16},
Year = {2012}}

@article{Namhata2016OladyshkinDilmoreEtAl16,
  title={Probabilistic Assessment of Above Zone Pressure Predictions at a Geologic Carbon Storage Site},
  author={Namhata, A. and Oladyshkin, S. and Dilmore, R.M. and Zhang, L. and Nakles, D.V.},
  journal={Scientific reports},
  volume={6},
  pages={39536},
  year={2016},
  publisher={Nature Publishing Group}
}

@article{deman2016,
  title={Using sparse polynomial chaos expansions for the global sensitivity analysis of groundwater lifetime expectancy in a multi-layered hydrogeological model},
  author={Deman, G. and Konakli, K. and Sudret, B. and Kerrou, J. and Perrochet, P. and Benabderrahmane, H.},
  journal={Reliability Engineering \& System Safety},
  volume={147},
  pages={156--169},
  year={2016},
  publisher={Elsevier}
}
@article{SaadAlexanderianPrudhommeEtAl17,
  title={Probabilistic modeling and global sensitivity analysis for $ CO\_2 $
  storage in geological formations: a spectral approach},
  author={Saad, B. and Alexanderian, A. and Prudhomme, S. and Knio, O.M.},
  journal={Applied Mathematical Modelling},
  volume={53},
  pages={584--601},
  year={2018},
  publisher={Elsevier}
}

@article{LiIskandaraniLeHenaffEtAl16,
  title={Quantifying initial and wind forcing uncertainties in the Gulf of Mexico},
  author={Li, G. and Iskandarani, M. and Le H{\'e}naff, M. and Winokur, J. and Le Ma{\^\i}tre, O.P. and Knio, O.M.},
  journal={Computational Geosciences},
  volume={20},
  number={5},
  pages={1133--1153},
  year={2016},
  publisher={Springer}
}
@incollection{DegasperiGilmore08,
  title={Sensitivity analysis of stochastic models of bistable biochemical reactions},
  author={Degasperi, A. and Gilmore, S.},
  booktitle={Formal Methods for Computational Systems Biology},
  pages={1--20},
  year={2008},
  publisher={Springer}
}
@article{navarro2016global,
  title={Global sensitivity analysis in stochastic simulators of uncertain reaction networks},
  author={Navarro J., M and Le Ma{\^\i}tre, O.P. and Knio, O.M.},
  journal={The Journal of Chemical Physics},
  volume={145},
  number={24},
  pages={244106},
  year={2016},
  publisher={AIP Publishing}
}

% other
@techreport{friedman93,
	Author = {J.H. {Friedman}},
	Institution = {Laboratory for Computational Statistics, Department of Statistics, Stanford University},
	Number = {110},
	Title = {Fast {MARS}},
	Year = {1993}}
@article{Owen13,
Author = {A.B. {Owen}},
Journal = {ACM Trans. Mod. Comput. Simul.},
Pages = {11-1:11-17},
Title = {Better estimation of small {Sobol'} indices sensitivity indices},
Volume = {23},
Year = {2013}}

% adjoint
@book{Borzi2011,
  title={Computational optimization of systems governed by partial differential equations},
  author={Borz{\`\i}, A. and Schulz, V.},
  volume={8},
  year={2011},
  publisher={SIAM}
}
@book{gunzburger2003perspectives,
  title={Perspectives in flow control and optimization},
  author={Gunzburger, M.D.},
  volume={5},
  year={2003},
  publisher={Siam}
}
@article{jameson1988aerodynamic,
  title={Aerodynamic design via control theory},
  author={Jameson, A.},
  journal={Journal of scientific computing},
  volume={3},
  number={3},
  pages={233--260},
  year={1988},
  publisher={Springer}
}

@article{Vohra:2014,
  title={Development of a reduced model of formation reactions in Zr-Al nanolaminates},
  author={Vohra, M. and Winokur, J. and Overdeep, K.R. and Marcello, P. and Weihs, T.P. and Knio, O.M.},
  journal={Journal of Applied Physics},
  volume={116},
  number={23},
  pages={233501},
  year={2014},
  publisher={AIP Publishing}
}

@article{Das:1996,
  title={Hydrogen-oxygen reaction mechanism and its implication to
 hydrogen engine combustion},
  author={Das, L.M.},
  journal={International Journal of Hydrogen Energy},
  volume={21},
  number={8},
  pages={703--715},
  year={1996},
  publisher={Elsevier}
}

@book{Griewank:2008,
  title={Evaluating derivatives: principles and techniques of algorithmic differentiation},
  author={Griewank, A. and Walther, A.},
  volume={105},
  year={2008},
  publisher={Siam}
}

@article{Kiparissides:2009,
  title={Global sensitivity analysis challenges in biological systems modeling},
  author={Kiparissides, A. and Kucherenko, S.S. and Mantalaris, A. and Pistikopoulos, E.N.},
  journal={Industrial \& Engineering Chemistry Research},
  volume={48},
  number={15},
  pages={7168--7180},
  year={2009},
  publisher={ACS Publications}
}

@Article{AlexanderianPetraStadlerEtAl17,
  Title                    = {Mean-variance risk-averse optimal control of systems governed by {PDEs} with random parameter fields using quadratic approximations},
  Author                   = {Alexanderian, A. and Petra, N. and Stadler, G. and Ghattas, O.},
  Journal                  = {SIAM Journal on Uncertainty Quantification},
  volume="5",
  Year                     = {2017},
  pages="1166--1192"
}

@article{Morris:1993,
  title={Bayesian design and analysis of computer experiments: use of derivatives in surface prediction},
  author={Morris, M.D. and Mitchell, T.J. and Ylvisaker, D.},
  journal={Technometrics},
  volume={35},
  number={3},
  pages={243--255},
  year={1993},
  publisher={Taylor \& Francis Group}
}

@article{Funahashi:1989,
  title={On the approximate realization of continuous mappings by neural networks},
  author={Funahashi, K.},
  journal={Neural networks},
  volume={2},
  number={3},
  pages={183--192},
  year={1989},
  publisher={Pergamon}
}

@article{Specht:1990,
  title={Probabilistic neural networks},
  author={Specht, D.F.},
  journal={Neural networks},
  volume={3},
  number={1},
  pages={109--118},
  year={1990},
  publisher={Elsevier}
}

@article{Loges:2008,
  title={Controlled generation of hydrogen from formic acid amine adducts at room temperature and
  application in {H}$_2$/{O}$_2$ fuel cells},
  author={Loges, B. and Boddien, A. and Junge, H. and Beller, M.},
  journal={Angew. Chem. Int. Ed.},
  volume={47},
  pages={3962--3965},
  year={2008},
  publisher={Wiley Online Library}
}

@article{Cosnier:2016,
  title={Recent advances on enzymatic glucose/oxygen and hydrogen/oxygen biofuel cells: Achievements and limitations},
  author={Cosnier, S. and Gross, A.J. and Le Goff, A. and Holzinger, M.},
  journal={J. Power Sources},
  volume={325},
  pages={252--263},
  year={2016},
  publisher={Elsevier}
}

@inbook{BorgonovoIooss16,
  title={Moment-independent and reliability-based importance measures},
  author={Borgonovo, E. and Iooss, B.},
  Editor = {Ghanem, R. and Higdon, D. and Owhadi, H.},
  journal={Handbook of Uncertainty Quantification},
  year={2017},
  publisher={Springer}
}

@incollection{IoossLemaitre15,
  title={A review on global sensitivity analysis methods},
  author={Iooss, B. and Lema{\^\i}tre, P.},
  booktitle={Uncertainty management in simulation-optimization of complex systems},
  pages={101--122},
  year={2015},
  publisher={Springer}
}
