@article{Kucherenko:2009,
  title={Derivative based global sensitivity measures and their link
 with global sensitivity indices},
  author={Kucherenko, S. and Sobol', I.M.},
  journal={Mathematics and Computers in Simulation},
  volume={79},
  number={10},
  pages={3009--3017},
  year={2009},
  publisher={Elsevier}
}

